<?xml version="1.0" encoding="UTF-8"?><collection xmlns="http://www.loc.gov/MARC21/slim"><record><leader>00601nam--2200205-i-4500</leader><controlfield tag="001">000018509</controlfield><controlfield tag="002">20161230</controlfield><controlfield tag="005">20161230201032</controlfield><controlfield tag="008">060222s1000------------r-----000-0-rum-d</controlfield><datafield ind1=" " ind2=" " tag="040"><subfield code="a">IFIN-HH</subfield></datafield><datafield ind1=" " ind2=" " tag="041"><subfield code="a">rum</subfield></datafield><datafield ind1=" " ind2=" " tag="080"><subfield code="a">513(076)</subfield></datafield><datafield ind1="1" ind2=" " tag="100"><subfield code="a">Strelkov, S.P</subfield></datafield><datafield ind1="1" ind2="0" tag="245"><subfield code="a">Culegere de probleme de fizica generala. partea intai. mecanica, electricitatea, magnetismul</subfield><subfield code="c">S.p. strelkov, i.a. eltin, i.a. iakovlev</subfield></datafield><datafield ind1=" " ind2=" " tag="250"><subfield code="a">Editia A Doua Revazuta</subfield></datafield><datafield ind1=" " ind2=" " tag="260"><subfield code="a">Bucuresti</subfield><subfield code="b">Editura Tehnica</subfield><subfield code="c">1962</subfield></datafield><datafield ind1=" " ind2=" " tag="300"><subfield code="a">308P</subfield></datafield><datafield ind1="1" ind2=" " tag="700"><subfield code="a">Iakovlev, I.A</subfield></datafield><datafield ind1=" " ind2=" " tag="852"><subfield code="a">8059</subfield><subfield code="c">53</subfield></datafield><datafield ind1=" " ind2=" " tag="CAT"><subfield code="a">Sys</subfield><subfield code="c">20150128</subfield><subfield code="h">194259</subfield></datafield></record></collection>